@article{turing_test,
	author = {Alan Turing},
	title = {Computing Machinery and Intelligence},
	journal = {Mind},
	number = {236},
	pages = {433--460},
	month = {October},
	year = {1950},
	DOI = {https://doi.org/10.1093/mind/LIX.236.433}
}

@article{lecunn_cnn,
	author = {Yann LeCun},
	title = {Gradient-based learning applied to document recognition},
	year = {1998},
	DOI = {http://yann.lecun.com/exdb/publis/pdf/lecun-99.pdf}
}

@article{alexnet,
	author = {Alexa Krizhevskiego, Ilyi Sutskevera, Geoffreya E. Hintona},
	title = {ImageNet Classification with Deep Convolutional Neural Networks},
	year = {2012},
	DOI = 
	{https://papers.nips.cc/paper/4824-imagenet-classification-with-deep-convolutional-neural-networks.pdf}
}

@online{imagenet_competition,
	author = {Stanford Vision Lab },
	title = {ImageNet Large Scale Visual Recognition Challenge (ILSVRC)},
	url  = {http://www.image-net.org/challenges/LSVRC/},
	addendum = {dostęp: 30.08.2020},
	keywords = {image classification, imagenet, cnn, classification}
}

@online{alphago_deepmind,
	author = {DeepMind},
	title = {AlphaGo},
	url  = 
	{https://deepmind.com/research/case-studies/alphago-the-story-so-far},
	addendum = {dostęp: 30.08.2020},
}
